<record xmlns="http://www.loc.gov/MARC21/slim" xmlns:xsi="http://www.w3.org/2001/XMLSchema-instance" xsi:schemaLocation="http://www.loc.gov/MARC21/slim http://www.loc.gov/standards/marcxml/schema/MARC21slim.xsd"><leader>     nam a22        4500</leader><controlfield tag="001">3076916</controlfield><controlfield tag="003">NNC</controlfield><controlfield tag="006">m        d        </controlfield><controlfield tag="007">cr cn |||m|||a</controlfield><controlfield tag="008">150601s1943    ua b    ob    000 0 ara d</controlfield><datafield ind1=" " ind2=" " tag="037"><subfield code="b">George's Bookshop, P.O. Box 220, Cairo, Egypt</subfield></datafield><datafield ind1=" " ind2=" " tag="040"><subfield code="a">NNU</subfield><subfield code="b">eng</subfield><subfield code="e">rda</subfield><subfield code="c">NNU</subfield></datafield><datafield ind1=" " ind2="4" tag="050"><subfield code="a">VK15</subfield><subfield code="b">.F34</subfield></datafield><datafield ind1="1" ind2=" " tag="100"><subfield code="6">880-01</subfield><subfield code="a">Fawzi&#772;, H&#803;usayn.</subfield></datafield><datafield ind1="1" ind2="0" tag="245"><subfield code="6">880-02</subfield><subfield code="a">H&#803;adi&#772;th al-Sindiba&#772;d al-qadi&#772;m /</subfield><subfield code="c">[ta&#697;li&#772;f] H&#803;usayn Fawzi&#772;.</subfield></datafield><datafield ind1=" " ind2=" " tag="260"><subfield code="6">880-03</subfield><subfield code="a">[Al-Qa&#772;hirah] :</subfield><subfield code="b">[Mat&#803;ba&#699;at Lajnat al-Ta&#697;li&#772;f wa-al-Tarjamah wa-al-Nashr],</subfield><subfield code="c">[1943]</subfield></datafield><datafield ind1=" " ind2=" " tag="300"><subfield code="a">online resource (13, 375 pages) :</subfield><subfield code="b">map</subfield></datafield><datafield ind1=" " ind2=" " tag="336"><subfield code="a">text</subfield><subfield code="2">rdacontent</subfield></datafield><datafield ind1=" " ind2=" " tag="337"><subfield code="a">computer</subfield><subfield code="2">rdamedia</subfield></datafield><datafield ind1=" " ind2=" " tag="338"><subfield code="a">online resource</subfield><subfield code="2">rdacarrier</subfield></datafield><datafield ind1=" " ind2=" " tag="500"><subfield code="a">Part of the Arabic Collections Online (ACO) project, contributed by Columbia University Libraries.</subfield></datafield><datafield ind1=" " ind2=" " tag="504"><subfield code="a">Includes bibliographical references (pages 367-375).</subfield></datafield><datafield ind1=" " ind2=" " tag="533"><subfield code="a">Electronic reproduction.</subfield><subfield code="b">New York, N.Y. :</subfield><subfield code="c">New York University,</subfield><subfield code="d">2015.</subfield><subfield code="5">NNU</subfield></datafield><datafield ind1=" " ind2="0" tag="650"><subfield code="a">Navigation</subfield><subfield code="x">History.</subfield></datafield><datafield ind1=" " ind2="0" tag="650"><subfield code="a">Voyages and travels</subfield><subfield code="x">History.</subfield></datafield><datafield ind1=" " ind2="7" tag="650"><subfield code="a">Navigation.</subfield><subfield code="2">fast</subfield><subfield code="0">(OCoLC)fst01035085</subfield></datafield><datafield ind1=" " ind2="7" tag="650"><subfield code="a">Voyages and travels.</subfield><subfield code="2">fast</subfield><subfield code="0">(OCoLC)fst01169308</subfield></datafield><datafield ind1=" " ind2="7" tag="655"><subfield code="a">History.</subfield><subfield code="2">fast</subfield><subfield code="0">(OCoLC)fst01411628</subfield></datafield><datafield ind1="2" ind2=" " tag="710"><subfield code="a">Columbia University.</subfield><subfield code="b">Libraries.</subfield></datafield><datafield ind1="0" ind2=" " tag="730"><subfield code="a">Arabic Collections Online.</subfield></datafield><datafield ind1="0" ind2="8" tag="776"><subfield code="i">Online version:</subfield><subfield code="a">Fawzi&#772;, H&#803;usayn.</subfield><subfield code="t">H&#803;adi&#772;th al-Sindiba&#772;d al-qadi&#772;m.</subfield><subfield code="d">[Al-Qa&#772;hirah, Mat&#803;ba&#699;at Lajnat al-Ta&#697;li&#772;f wa-al-Tarjamah wa-al-Nashr, 1943]</subfield><subfield code="w">(OCoLC)700326401</subfield></datafield><datafield ind1="0" ind2="8" tag="776"><subfield code="i">Print version:</subfield><subfield code="a">Fawzi&#772;, H&#803;usayn.</subfield><subfield code="t">H&#803;adi&#772;th al-Sindiba&#772;d al-qadi&#772;m</subfield><subfield code="w">(NNC)3076916</subfield><subfield code="w">(DLC)   76971264 </subfield><subfield code="w">(OCoLC)21713655</subfield></datafield><datafield ind1="4" ind2="0" tag="856"><subfield code="u">http://hdl.handle.net/2333.1/2z34tq2t</subfield></datafield><datafield ind1="1" ind2=" " tag="880"><subfield code="6">100-01/r</subfield><subfield code="a">&#1601;&#1608;&#1586;&#1610;&#1548; &#1581;&#1587;&#1610;&#1606;.</subfield></datafield><datafield ind1="1" ind2="0" tag="880"><subfield code="6">245-02/r</subfield><subfield code="a">&#1581;&#1583;&#1610;&#1579; &#1575;&#1604;&#1587;&#1606;&#1583;&#1576;&#1575;&#1583; &#1575;&#1604;&#1602;&#1583;&#1610;&#1605; /</subfield><subfield code="c">[&#1578;&#1604;&#1610;&#1601;] &#1581;&#1587;&#1610;&#1606; &#1601;&#1608;&#1586;&#1610;.</subfield></datafield><datafield ind1=" " ind2=" " tag="880"><subfield code="6">260-03/r</subfield><subfield code="a">[&#1575;&#1604;&#1602;&#1575;&#1607;&#1585;&#1577;] :</subfield><subfield code="b">[&#1605;&#1591;&#1576;&#1593;&#1577; &#1604;&#1580;&#1606;&#1577; &#1575;&#1604;&#1578;&#1571;&#1604;&#1610;&#1601; &#1608;&#1575;&#1604;&#1578;&#1585;&#1580;&#1605;&#1577; &#1608;&#1575;&#1604;&#1606;&#1588;&#1585;]&#1548;</subfield><subfield code="c">[1943]</subfield></datafield><datafield ind1=" " ind2=" " tag="959"><subfield code="a">NNU</subfield><subfield code="b">WEB</subfield><subfield code="c">GENI</subfield><subfield code="t">0</subfield><subfield code="m">Electronic access</subfield><subfield code="s">01</subfield></datafield><datafield ind1=" " ind2=" " tag="999"><subfield code="i">NNC_3076916</subfield><subfield code="o">(OCoLC)ocm21713655</subfield><subfield code="s">columbia_aco000412</subfield><subfield code="e">(ERROR-880)</subfield><subfield code="s">columbia_aco000412</subfield></datafield></record>